@article{dicarlo2012brain,
   title={How does the brain solve visual object recognition?},
   journal={Neuron},
   volume={73},
   number={3},
   pages={415-434},
   author={DiCarlo, J. and Zoccolan, D. and Rust, N.},
   year={2012},
}

@article{face2008perception,
   title={Mechanisms of face perception},
   journal={Annual review of neuroscience},
   volume={31},
   pages={411-437},
   author={Tsao, D. Y. and Livingstone, M. S.},
   year={2008},
}

@article{facial2017code,
   title={The code for facial identity in the primate brain},
   journal={Cell},
   volume={169},
   number={6},
   pages={1013-1028},
   author={Chang, L. and Tsao, D. Y.},
   year={2017},
}

@article{generative2020survey,
    title = {A comprehensive survey and analysis of generative models in machine learning},
    journal = {Computer Science Review},
    volume = {38},
    year = {2020},
    author = {Harshvardhan, G. M. and et al.},
}

@book{jebara2012machine,
  title={Machine learning: discriminative and generative},
  author={Jebara, T},
  volume={755},
  year={2012},
  publisher={Springer Science \& Business Media}
}

@inproceedings{goodfellow2014generative,
  title={Generative adversarial networks},
  author={Goodfellow, I. and et al.},
  booktitle={NIPS},
  year={2014}
}

@article{goodfellow2017nips,
  title={NIPS 2016 tutorial: generative adversarial networks}, 
  author={Goodfellow, I.},
  year={2017},
  journal={arXiv preprint arXiv:1701.00160}
}

@INPROCEEDINGS{cycle2017gan,
  author={Zhu, J. and et al.},
  booktitle={IEEE International Conference on Computer Vision (ICCV)}, 
  title={Unpaired image-to-image translation using cycle-consistent adversarial networks}, 
  year={2017},
  volume={},
  number={},
  pages={2242-2251},
}

@INPROCEEDINGS{residual2017gan,
  author={Shen, W. and Liu, R.},
  booktitle={IEEE Conference on Computer Vision and Pattern Recognition (CVPR)}, 
  title={Learning residual images for face attribute manipulation}, 
  year={2017},
  volume={},
  number={},
  pages={1225-1233},
}

@INPROCEEDINGS{choi2018stargan,
  author={Choi, Y. and et al.},
  booktitle={IEEE/CVF Conference on Computer Vision and Pattern Recognition},
  title={StarGAN: unified generative adversarial networks for multi-domain image-to-image translation}, 
  year={2018},
  volume={},
  number={},
  pages={8789-8797},
}

@INPROCEEDINGS{liu2019stgan,
  author={Liu, M. and et al.},
  booktitle={IEEE/CVF Conference on Computer Vision and Pattern Recognition}, title={STGAN: a unified selective transfer network for arbitrary image attribute editing}, 
  year={2019},
  volume={},
  number={},
  pages={3668-3677},
}

@inproceedings{bigGAN,
    title={Large scale GAN training for high fidelity natural image synthesis},
    author={Brock, A. and Donahue, J. and Simonyan, K.},
    booktitle={International Conference on Learning Representations},
    year={2019},
}

@inproceedings{progressive-growing-gan,
  author    = {Karras, T. and et al.},
  title     = {Progressive growing of GANs for improved quality, stability, and variation},
  booktitle = {International Conference on Learning Representations},
  year      = {2017},
}

@article{StyleGAN,
   title={A style-based generator architecture for generative adversarial networks},
   journal={IEEE/CVF Conference on Computer Vision and Pattern Recognition},
   publisher={IEEE},
   author={Karras, T. and Laine, S. and Aila, T.},
   year={2019},
}

@inproceedings{karras2020stylegan2,
      title={Analyzing and improving the image quality of StyleGAN}, 
      author={Karras, T. and et al.},
      year={2020},
      booktitle = {IEEE/CVF Conference on Computer Vision and Pattern Recognition},
      pages={3668-3677},
}

@InProceedings{ALAE,
    author = {Pidhorskyi, S. and Adjeroh, D. and Doretto, G.},
    title = {Adversarial latent autoencoders},
    booktitle = {IEEE/CVF Conference on Computer Vision and Pattern Recognition},
    year = {2020},
}

@inproceedings{kingma2014vae,
  author = {Kingma, D. P. and Welling, M.},
  booktitle = {International Conference on Learning Representations},
  title = {Auto-encoding variational bayes},
  year = {2014}
}

@inproceedings{donahue2016adversarial,
    title={Adversarial feature learning},
    author={Donahue, J. and Krahenbuhl, Ph. and Darrell, T. },
    year={2017},
    booktitle={International Conference on Learning Representations},
}

@article{perarnau2016invertible,
    title={Invertible conditional GANs for image editing},
    author={Perarnau, G. and et al.},
    year={2016},
    journal={arXiv preprint arXiv:1611.06355.},
}

@inproceedings{radford2015unsupervised,
    title={Unsupervised representation learning with deep convolutional generative adversarial networks},
    author={Radford, A. and Metz, L. and Chintal, S.},
    year={2016},
    booktitle={International Conference on Learning Representations}
}

@inproceedings{abdal2019image2stylegan,
  title={Image2StyleGAN: How to embed images into the StyleGAN latent space?},
  author={Abdal, R. and Qin, Y. and Wonka, P.},
  booktitle={IEEE/CVF International Conference on Computer Vision},
  pages={4432--4441},
  year={2019}
}

@article{shen2020interfacegan,
    title={InterFaceGAN: interpreting the disentangled face representation learned by GANs},
    author={Shen, Y. and et al.},
    year={2020},
    journal={IEEE Transactions on Pattern Analysis and Machine Intelligence},
}

@article{hrknen2020ganspace,
    title={GANSpace: discovering interpretable GAN controls},
    author={Härkönen, E. and et al.},
    year={2020},
    journal={arXiv preprint arXiv:2004.02546},
}

@InProceedings{zhang2018lpips,
    author = {Zhang, R. and et al.},
    title = {The unreasonable effectiveness of deep features as a perceptual metric},
    booktitle = {IEEE Conference on Computer Vision and Pattern Recognition (CVPR)},
    year = {2018}
}

@inproceedings{heusel2017fid,
    author = {Heusel, M. and et al.},
    title = {GANs trained by a two time-scale update rule converge to a local nash equilibrium},
    year = {2017},
    pages = {6629–6640},
    numpages = {12},
    booktitle={NIPS}
}

@inproceedings{deng2018arcface,
    title={ArcFace: additive angular margin loss for deep face recognition},
    author={Deng, J. and et al.},
    year={2019},
    booktitle={IEEE/CVF Conference on Computer Vision and Pattern Recognition}
}

@ARTICLE{svm,
  author={Cortes, C. and Vapnik, V.},
  journal={Machine Learning}, 
  title={Support-vector networks}, 
  year={1995},
  volume={20},
  number={3},
  pages={273-297},
}

@inproceedings{Johnson2016Perceptual,
  title={Perceptual losses for real-time style transfer and super-resolution},
  author={Johnson, J. and Alahi, A. and Fei-Fei, L.},
  booktitle={European Conference on Computer Vision},
  year={2016}
}

@misc{chen2019log,
    title={Log Hyperbolic Cosine Loss Improves Variational Auto-Encoder},
    author={Pengfei, C. and Guangyong, C. and Shengyu, Z.},
    year={2019},
}

@inproceedings{arvanitidis2018oddity,
    title={Latent space oddity: on the curvature of deep generative models},
    author={Arvanitidis, G. and Hansen, L. and Hauberg, S.},
    booktitle={International Conference on Learning Representations},
    year={2018},
}

@inproceedings{he2016resnet,
  title={Deep residual learning for image recognition},
  author={He, K. and et al.},
  booktitle={IEEE Conference on Computer Vision and Pattern Recognition},
  pages={770--778},
  year={2016}
}

@inproceedings{liu2015celeba,
 title = {Deep learning face attributes in the wild},
 author = {Liu, Z. and et al.},
 booktitle = {International Conference on Computer Vision (ICCV)},
 year = {2015} 
}

@article{kingma2014adam,
    author = {Kingma, D. and Ba, J.},
    year = {2014},
    title = {Adam: a method for stochastic optimization},
    journal = {International Conference on Learning Representations}
}

@article{fei-database,
    title = {A new ranking method for principal components analysis and its application to face image analysis},
    journal = {Image and Vision Computing},
    volume = {28},
    number = {6},
    pages = {902-913},
    year = {2010},
    author = {Thomaz, C. E. and Giraldi, G. A.},
}
